@misc{spilleregler,
    author = "Spillehulen",
    title = "Matador Spilleregler",
    url = "https://www.spillehulen.dk/media/91456/matador-spilleregler.pdf",
    keywords = {regler}
}